@inproceedings{DalviDMSV04,
  author    = {Nilesh N. Dalvi and
               Pedro M. Domingos and
               Mausam and
               Sumit K. Sanghai and
               Deepak Verma},
  title     = {Adversarial classification},
  booktitle = {{ACM} {SIGKDD}},
  year      = {2004},
}

@inproceedings{LowdM05,
  author    = {Daniel Lowd and
               Christopher Meek},
  title     = {Adversarial learning},
  booktitle = {{SIGKDD}},
  year      = {2005},
}

@inproceedings{BiggioCMNSLGR13,
  author    = {Battista Biggio and
               Igino Corona and
               Davide Maiorca and
               Blaine Nelson and
               Nedim Srndic and
               Pavel Laskov and
               Giorgio Giacinto and
               Fabio Roli},
  title     = {Evasion Attacks against Machine Learning at Test Time},
  booktitle = {ECML},
  year      = {2013},
}

@article{BiggioR18,
  author    = {Battista Biggio and
               Fabio Roli},
  title     = {Wild patterns: Ten years after the rise of adversarial machine learning},
  journal   = {Pattern Recognition},
  year      = {2018},
}

@inproceedings{NasrSH18,
  author    = {Milad Nasr and
               Reza Shokri and
               Amir Houmansadr},
  title     = {Machine Learning with Membership Privacy using Adversarial Regularization},
  booktitle = {{ACM} {SIGSAC}},
  year      = {2018},
}

@inproceedings{IyengarNSTTW19,
  title={Towards practical differentially private convex optimization},
  author={Iyengar, Roger and Near, Joseph P and Song, Dawn and Thakkar, Om and Thakurta, Abhradeep and Wang, Lun},
  booktitle={Towards Practical Differentially Private Convex Optimization},
  pages={0},
  year={2019},
  organization={IEEE}
}

@article{ShokriSS16,
  author    = {Reza Shokri and
               Marco Stronati and
               Vitaly Shmatikov},
  title     = {Membership Inference Attacks against Machine Learning Models},
  journal   = {CoRR},
  volume    = {abs/1610.05820},
  year      = {2016},
  url       = {http://arxiv.org/abs/1610.05820},
  archivePrefix = {arXiv},
  eprint    = {1610.05820},
  timestamp = {Mon, 13 Aug 2018 16:47:19 +0200},
  biburl    = {https://dblp.org/rec/bib/journals/corr/ShokriSS16},
  bibsource = {dblp computer science bibliography, https://dblp.org}
}

@article{WongSMK18,
  author    = {Eric Wong and
               Frank Schmidt and
               Jan Hendrik Metzen and
               J. Zico Kolter},
  title     = {Scaling provable adversarial defenses},
  journal   = {CoRR},
  volume    = {abs/1805.12514},
  year      = {2018},
  archivePrefix = {arXiv},
  eprint    = {1805.12514},
  timestamp = {Mon, 13 Aug 2018 16:46:33 +0200},
  biburl    = {https://dblp.org/rec/bib/journals/corr/abs-1805-12514},
  bibsource = {dblp computer science bibliography, https://dblp.org}
}

@inproceedings{PulinaT10,
  author    = {Luca Pulina and
               Armando Tacchella},
  title     = {An Abstraction-Refinement Approach to Verification of Artificial Neural
               Networks},
  booktitle = {CAV},
  year      = {2010},
}

@inproceedings{KatzBDJK17,
  author    = {Guy Katz and
               Clark W. Barrett and
               David L. Dill and
               Kyle Julian and
               Mykel J. Kochenderfer},
  title     = {Reluplex: An Efficient {SMT} Solver for Verifying Deep Neural Networks},
  booktitle = {CAV},
  year      = {2017},
}

@article{SzegedyZSBEGF13,
  author    = {Christian Szegedy and
               Wojciech Zaremba and
               Ilya Sutskever and
               Joan Bruna and
               Dumitru Erhan and
               Ian J. Goodfellow and
               Rob Fergus},
  title     = {Intriguing properties of neural networks},
  journal   = {CoRR},
  volume    = {abs/1312.6199},
  year      = {2013},
  archivePrefix = {arXiv},
  eprint    = {1312.6199},
  timestamp = {Mon, 13 Aug 2018 16:47:28 +0200},
  biburl    = {https://dblp.org/rec/bib/journals/corr/SzegedyZSBEGF13},
  bibsource = {dblp computer science bibliography, https://dblp.org}
}

@article{OverdorfKBTG18,
  title={{POTs}: Protective Optimization Technologies},
  author={Overdorf, Rebekah and Kulynych, Bogdan and Balsa, Ero and Troncoso, Carmela and
    G{\"u}rses, Seda},
  journal={CoRR},
  volume={abs/1806.02711},
  archivePrefix={arXiv},
  eprint={1816.02711},
  year={2018}
}

@article{GoodfellowSS14,
  author    = {Ian J. Goodfellow and
               Jonathon Shlens and
               Christian Szegedy},
  title     = {Explaining and Harnessing Adversarial Examples},
  journal   = {CoRR},
  volume    = {abs/1412.6572},
  year      = {2014},
}

@article{JacobsenBCTP19,
  author    = {J{\"{o}}rn{-}Henrik Jacobsen and
               Jens Behrmann and
               Nicholas Carlini and
               Florian Tram{\`{e}}r and
               Nicolas Papernot},
  title     = {Exploiting Excessive Invariance caused by Norm-Bounded Adversarial
               Robustness},
  journal   = {CoRR},
  volume    = {abs/1903.10484},
  year      = {2019},
}

@article{GuLDG19,
  author    = {Tianyu Gu and
               Kang Liu and
               Brendan Dolan{-}Gavitt and
               Siddharth Garg},
  title     = {BadNets: Evaluating Backdooring Attacks on Deep Neural Networks},
  journal   = {{IEEE} Access},
  pages     = {47230--47244},
  year      = {2019},
}

@article{BrownMRAG17,
  author    = {Tom B. Brown and
               Dandelion Man{\'{e}} and
               Aurko Roy and
               Mart{\'{\i}}n Abadi and
               Justin Gilmer},
  title     = {Adversarial Patch},
  journal   = {CoRR},
  volume    = {abs/1712.09665},
  year      = {2017},
}

@inproceedings{SongEEF0RTPK18,
  author    = {Dawn Song and
               Kevin Eykholt and
               Ivan Evtimov and
               Earlence Fernandes and
               Bo Li and
               Amir Rahmati and
               Florian Tram{\`{e}}r and
               Atul Prakash and
               Tadayoshi Kohno},
  title     = {Physical Adversarial Examples for Object Detectors},
  booktitle = {12th {USENIX} Workshop on Offensive Technologies, {WOOT}},
  year      = {2018},
}

@inproceedings{TramerZJRR16,
  author    = {Florian Tram{\`{e}}r and
               Fan Zhang and
               Ari Juels and
               Michael K. Reiter and
               Thomas Ristenpart},
  title     = {Stealing Machine Learning Models via Prediction APIs},
  booktitle = {{USENIX} Security Symposium},
  year      = {2016},
}

@article{EngstromTSM17,
  author    = {Logan Engstrom and
               Dimitris Tsipras and
               Ludwig Schmidt and
               Aleksander Madry},
  title     = {A Rotation and a Translation Suffice: Fooling CNNs with Simple Transformations},
  journal   = {CoRR},
  volume    = {abs/1712.02779},
  year      = {2017},
}

@inproceedings{PapernotMJFCS16,
  author    = {Nicolas Papernot and
               Patrick D. McDaniel and
               Somesh Jha and
               Matt Fredrikson and
               Z. Berkay Celik and
               Ananthram Swami},
  title     = {The Limitations of Deep Learning in Adversarial Settings},
  booktitle = {{IEEE} European Symposium on Security and Privacy, EuroS{\&}P
               2016},
  year      = {2016},
}

@inproceedings{FredriksonJR15,
  author    = {Matt Fredrikson and
               Somesh Jha and
               Thomas Ristenpart},
  title     = {Model Inversion Attacks that Exploit Confidence Information and Basic
               Countermeasures},
  booktitle = {{ACM} {SIGSAC}},
  year      = {2015},
}

@inproceedings{KohL17,
  author    = {Pang Wei Koh and
               Percy Liang},
  title     = {Understanding Black-box Predictions via Influence Functions},
  booktitle = {{ICML}},
  year      = {2017},
}

@inproceedings{SharifBBR16,
  author    = {Mahmood Sharif and
               Sruti Bhagavatula and
               Lujo Bauer and
               Michael K. Reiter},
  title     = {Accessorize to a Crime: Real and Stealthy Attacks on State-of-the-Art
               Face Recognition},
  booktitle = {{ACM} {SIGSAC}},
  year      = {2016},
}

@inproceedings{CarliniMVZSSWZ16,
  author    = {Nicholas Carlini and
               Pratyush Mishra and
               Tavish Vaidya and
               Yuankai Zhang and
               Micah Sherr and
               Clay Shields and
               David A. Wagner and
               Wenchao Zhou},
  title     = {Hidden Voice Commands},
  booktitle = {25th {USENIX} Security Symposium, {USENIX} Security},
  year      = {2016},
}

@article{KulynychHST18,
  author    = {Bogdan Kulynych and
               Jamie Hayes and
               Nikita Samarin and
               Carmela Troncoso},
  title     = {Evading classifiers in discrete domains with provable optimality guarantees},
  journal   = {CoRR},
  volume    = {abs/1810.10939},
  year      = {2018},
  archivePrefix = {arXiv},
}

@inproceedings{ChenZSYH17,
  author    = {Pin{-}Yu Chen and
               Huan Zhang and
               Yash Sharma and
               Jinfeng Yi and
               Cho{-}Jui Hsieh},
  title     = {{ZOO:} Zeroth Order Optimization Based Black-box Attacks to Deep Neural
               Networks without Training Substitute Models},
  booktitle = {AISec@CCS},
  year      = {2017},
}

@article{SharifBR18,
  author    = {Mahmood Sharif and
               Lujo Bauer and
               Michael K. Reiter},
  title     = {On the Suitability of $L_p$-norms for Creating and Preventing
               Adversarial Examples},
  journal   = {CoRR},
  volume    = {abs/1802.09653},
  year      = {2018},
  archivePrefix = {arXiv},
}

@article{MadryMSTV17,
  author    = {Aleksander Madry and
               Aleksandar Makelov and
               Ludwig Schmidt and
               Dimitris Tsipras and
               Adrian Vladu},
  title     = {Towards Deep Learning Models Resistant to Adversarial Attacks},
  journal   = {CoRR},
  volume    = {abs/1706.06083},
  year      = {2017},
  archivePrefix = {arXiv},
  eprint    = {1706.06083},
  timestamp = {Mon, 13 Aug 2018 16:48:11 +0200},
  biburl    = {https://dblp.org/rec/bib/journals/corr/MadryMSTV17},
  bibsource = {dblp computer science bibliography, https://dblp.org}
}

@article{IlyasSTETM19,
  author    = {Andrew Ilyas and
               Shibani Santurkar and
               Dimitris Tsipras and
               Logan Engstrom and
               Brandon Tran and
               Aleksander Madry},
  title     = {Adversarial Examples Are Not Bugs, They Are Features},
  journal   = {CoRR},
  volume    = {abs/1905.02175},
  year      = {2019},
  archivePrefix = {arXiv},
  eprint    = {1905.02175},
}

@inproceedings{EbrahimiRLD18,
  author    = {Javid Ebrahimi and
               Anyi Rao and
               Daniel Lowd and
               Dejing Dou},
  title     = {HotFlip: White-Box Adversarial Examples for Text Classification},
  booktitle = {Proceedings of the 56th Annual Meeting of the Association for Computational
               Linguistics, {ACL}},
  year      = {2018},
}

@article{BagdasaryanVHES18,
  author    = {Eugene Bagdasaryan and
               Andreas Veit and
               Yiqing Hua and
               Deborah Estrin and
               Vitaly Shmatikov},
  title     = {How To Backdoor Federated Learning},
  journal   = {CoRR},
  year      = {2018},
}

@inproceedings{CohenRK19,
  author    = {Jeremy M. Cohen and
               Elan Rosenfeld and
               J. Zico Kolter},
  title     = {Certified Adversarial Robustness via Randomized Smoothing},
  booktitle = {ICML},
  year      = {2019},
}

@article{HosseiniKZP17,
  author    = {Hossein Hosseini and
               Sreeram Kannan and
               Baosen Zhang and
               Radha Poovendran},
  title     = {Deceiving Google's Perspective {API} Built for Detecting Toxic Comments},
  journal   = {CoRR},
  volume    = {abs/1702.08138},
  year      = {2017},
  archivePrefix = {arXiv},
}

@inproceedings{LiangSBLS18,
  author    = {Bin Liang and
               Hongcheng Li and
               Miaoqiang Su and
               Pan Bian and
               Xirong Li and
               Wenchang Shi},
  title     = {Deep Text Classification Can be Fooled},
  booktitle = {Proceedings of the Twenty-Seventh International Joint Conference on
               Artificial Intelligence, {IJCAI}},
  year      = {2018},
}

@article{GilmerAGAD18,
  author    = {Justin Gilmer and
               Ryan P. Adams and
               Ian J. Goodfellow and
               David Andersen and
               George E. Dahl},
  title     = {Motivating the Rules of the Game for Adversarial Example Research},
  journal   = {CoRR},
  volume    = {abs/1807.06732},
  year      = {2018},
  archivePrefix = {arXiv},
  eprint    = {1807.06732},
  timestamp = {Mon, 13 Aug 2018 16:47:11 +0200},
  biburl    = {https://dblp.org/rec/bib/journals/corr/abs-1807-06732},
  bibsource = {dblp computer science bibliography, https://dblp.org}
}

@article{RaghunathanSL18,
  author    = {Aditi Raghunathan and
               Jacob Steinhardt and
               Percy Liang},
  title     = {Certified Defenses against Adversarial Examples},
  journal   = {CoRR},
  volume    = {abs/1801.09344},
  year      = {2018},
  archivePrefix = {arXiv},
  eprint    = {1801.09344},
  timestamp = {Mon, 13 Aug 2018 16:48:13 +0200},
  biburl    = {https://dblp.org/rec/bib/journals/corr/abs-1801-09344},
  bibsource = {dblp computer science bibliography, https://dblp.org}
}

@inproceedings{SteinhardtKL17,
  author    = {Jacob Steinhardt and
               Pang Wei Koh and
               Percy S. Liang},
  title     = {Certified Defenses for Data Poisoning Attacks},
  booktitle = {{NIPS}},
  year      = {2017},
}

@article{CarliniLKES18,
  author    = {Nicholas Carlini and
               Chang Liu and
               Jernej Kos and
               {\'{U}}lfar Erlingsson and
               Dawn Song},
  title     = {The Secret Sharer: Measuring Unintended Neural Network Memorization
               {\&} Extracting Secrets},
  journal   = {CoRR},
  volume    = {abs/1802.08232},
  year      = {2018},
}


# Applications


@inproceedings{JiaG18,
  author    = {Jinyuan Jia and
               Neil Zhenqiang Gong},
  title     = {AttriGuard: {A} Practical Defense Against Attribute Inference Attacks
               via Adversarial Machine Learning},
  booktitle = {27th {USENIX} Security Symposium, {USENIX} Security},
  year      = {2018},
}

@article{KosinskiSG13,
  title={Private traits and attributes are predictable from digital records of human behavior},
  author={Kosinski, Michal and Stillwell, David and Graepel, Thore},
  journal={Proceedings of the National Academy of Sciences},
  pages={201218772},
  year={2013},
  publisher={National Acad Sciences}
}
